@book{book1,
    author = {John M. Keynes},
    title = {General Theory of Employment, Interest and Money},
    shorttitle = {General Theory},
    year = {1936},
    publisher = {Harcourt, Brace \& Company}
}

@article{article1,
    title = {The Capital Myth: The Difference between Trade in Widgets and Dollars},
    author = {Jagdish Bhagwati},
    year = {1998},
    month = {05},
    journal = {Foreign Affairs},
    volume = {77},
    number = {3},
    pages  = {7--12},
    url = {http://www.jstor.org/stable/20048871}
}

@article{article2,
    author = {Scott T. Fullwiler},
    title = {Setting interest rates in the modern money era},
    journal = {Journal of Post Keynesian Economics},
    volume = {28},
    number = {3},
    pages = {496--525},
    year = {2006},
    doi = {10.2753/PKE0160-3477280307},
    URL = {https://www.tandfonline.com/doi/abs/10.2753/PKE0160-3477280307},
}

@misc{wp1,
    author = {Mohammed {El Qorchi} and Samuel Munzele Maimbo and John F. Wilson},
    title  = {Informal Funds Transfer Systems: An Analysis of the Informal Hawala System},
    year = {2003},
    note = {IMF: A Joint IMF-World Bank Paper \# 222},
    url = {https://www.imf.org/external/pubs/nft/op/222/index.htm}
}